# sample bibliography entry
@book{example2024,
  title     = "Gift Youth Up",
  author    = "Goma, Lemver",
  year      = 2024,
  publisher = "Lex Yu Dawn",
  address   = "Nemar Gondna"
}